@article{burstingSlowFeedback,
    author = {Franci, Alessio and Drion, Guillaume and Sepulchre, Rodolphe},
    title = {Robust and tunable bursting requires slow positive feedback},
    journal = {Journal of Neurophysiology},
    volume = {119},
    number = {3},
    pages = {1222-1234},
    year = {2018},
}

@article{conductanceModel,
    title = {A quantitative description of membrane current and its application to conduction and excitation in nerve},
    author = {Hodgkin, Alan L and Huxley, Andrew F},
    journal = {The Journal of physiology},
    volume = {117},
    number = {4},
    pages = {500},
    year = {1952},
    publisher = {Wiley-Blackwell},
}

@article{neuronIons,
    author = {Hodgkin, A.L. and Huxley, A.F. and Katz, B.},
    title = {Ionic Currents Underlying Activity in the Giant Axon of the Squid},
    journal = {Arch. Sci. Physiol.},
    year = {1949},
    volume = {3},
    pages = {129-150},
}

@book{channelDiagram,
    title = {Molecular Cell Biology},
    author = {Harvey Lodish and Arnold Berk and Paul Matsudaira and Chris A. Kaiser and Monty Krieger and Matthew P. Scott and Lawrence Zipursky and James Darnell},
    publisher = {WH Freeman and Company and Sumanas, Media Connected},
    year = {1999},
    edition = {4th},
}

@article{electricDiagram,
    author = {Vazifehkhah Ghaffari, Babak and Kouhnavard, Mojgan and Elbasiouny, Sherif},
    year = {2017},
    pages = {e0178244},
    title = {Mixed-mode oscillations in pyramidal neurons under antiepileptic drug conditions},
    volume = {12},
    number = {6},
    journal = {PLoS One},
}

@incollection{excDef,
    author = {Sepulchre, Rodolphe and Drion, Guillaume and Franci, Alessio},
    editor = {Tempo, Roberto and Yurkovich, Stephen and Misra, Pradeep},
    title = {Excitable Behaviors},
    booktitle = {Emerging Applications of Control and Systems Theory: A Festschrift in Honor of Mathukumalli Vidyasagar},
    year = {2018},
    publisher = {Springer International Publishing},
    address = {Cham},
    pages = {269--280},
}

@incollection{cpgDef,
    author = {Straub, Volko A.},
    editor = {Binder, Marc D. and Hirokawa, Nobutaka and Windhorst, Uwe},
    title = {Central Pattern Generator},
    booktitle = {Encyclopedia of Neuroscience},
    year = {2009},
    publisher = {Springer Berlin Heidelberg},
    address = {Berlin, Heidelberg},
    pages = {650--654},
}

@article{cpgMotion,
    title = {Central pattern generators and the control of rhythmic movements},
    journal = {Current Biology},
    volume = {11},
    number = {23},
    pages = {R986-R996},
    year = {2001},
    author = {Eve Marder and Dirk Bucher},
}

@article{cpgMotion2,
    title = {Biological Pattern Generation: The Cellular and Computational Logic of Networks in Motion},
    journal = {Neuron},
    volume = {52},
    number = {5},
    pages = {751-766},
    year = {2006},
    author = {Sten Grillner},
}

@incollection{embodiedDef,
    author = {Cangelosi, Angelo and Bongard, Josh and Fischer, Martin H. and Nolfi, Stefano},
    editor = {Kacprzyk, Janusz
    and Pedrycz, Witold},
    title = {Embodied Intelligence},
    booktitle = {Springer Handbook of Computational Intelligence},
    year = {2015},
    publisher = {Springer Berlin Heidelberg},
    address = {Berlin, Heidelberg},
    pages = {697--714},
}

@article{
    halfcenter,
    author = {Sharp, A. A. and Skinner, F. K. and Marder, E.},
    title = {Mechanisms of oscillation in dynamic clamp constructed two-cell half-center circuits},
    journal = {Journal of Neurophysiology},
    volume = {76},
    number = {2},
    pages = {867-883},
    year = {1996},
}



@article{related1,
  title={CPG-based control scheme for quadruped robot to withstand the lateral impact},
  author={Luo, Qingsheng and Zhou, Chenyang and Jia, Yan and Gao, Jianfeng and Liu, Fangzheng},
  journal={arXiv preprint arXiv:1711.07044},
  year={2017}
}

@inproceedings{related2,
  title={Development of semi-passive biped walking robot embedded with CPG-based locomotion control},
  author={Suzuki, Hirotatsu and Lee, Jae Hoon and Okamoto, Shingo},
  booktitle={2017 14th International Conference on Ubiquitous Robots and Ambient Intelligence (URAI)},
  pages={75--78},
  year={2017},
  organization={IEEE}
}

@ARTICLE{related3,
  author={Saputra, Azhar Aulia and Botzheim, János and Ijspeert, Auke Jan and Kubota, Naoyuki},
  journal={IEEE Transactions on Cybernetics}, 
  title={Combining Reflexes and External Sensory Information in a Neuromusculoskeletal Model to Control a Quadruped Robot}, 
  year={2022},
  volume={52},
  number={8},
  pages={7981-7994},
}

@article{related4,
    title={The contribution of a central pattern generator in a reflex-based neuromuscular model},
    author={Dzeladini, Florin and Van Den Kieboom, Jesse and Ijspeert, Auke},
    journal={Frontiers in human neuroscience},
    volume={8},
    pages={371},
    year={2014},
    publisher={Frontiers Media SA}
}

@article{related4,
    title = {Adaptive parallel reflex- and decoupled CPG-based control for complex bipedal locomotion},
    journal = {Robotics and Autonomous Systems},
    volume = {134},
    pages = {103663},
    year = {2020},
    author = {Chaicharn Akkawutvanich and Frederik Ibsgaard Knudsen and Anders Falk Riis and Jørgen Christian Larsen and Poramate Manoonpong},
    keywords = {Bipedal walking robots, Central pattern generator, Adaptive online learning, Asymmetric gait},
}

@article{related5,
    title={A new biological central pattern generator model and its relationship with the motor units},
    author={Lu, Qiang and Wang, Xiaoyan and Tian, Juan},
    journal={Cognitive Neurodynamics},
    volume={16},
    number={1},
    pages={135--147},
    year={2022},
    publisher={Springer}
}


% Abstract 

@article {crayfish,
    author = {Schneider, Anna C. and Smarandache-Wellmann, Carmen},
    title = {Unmasking hidden changes in intrinsic properties in neurons that coordinate oscillatory networks},
    elocation-id = {2022.04.07.487473},
    year = {2022},
    publisher = {Cold Spring Harbor Laboratory},
    journal = {bioRxiv}
}


@article{CPGRobot,
    title = {Enhancing adaptability with local reactive behaviors for hexapod walking robot via sensory feedback integrated central pattern generator},
    journal = {Robotics and Autonomous Systems},
    volume = {124},
    pages = {103401},
    year = {2020},
    author = {Haitao Yu and Haibo Gao and Zongquan Deng},
    keywords = {Hexapod walking robot, Legged locomotion, Local reactive behavior, Central pattern generator (CPG)},
}

@article{stickInsect,
    title={Pattern generation for stick insect walking movements—multisensory control of a locomotor program},
    author={B{\"a}ssler, Ulrich and B{\"u}schges, Ansgar},
    journal={Brain research reviews},
    volume={27},
    number={1},
    pages={65--88},
    year={1998},
    publisher={Citeseer}
}

@article{MARDER,
    title = {Neuromodulation of Neuronal Circuits: Back to the Future},
    journal = {Neuron},
    volume = {76},
    number = {1},
    pages = {1-11},
    year = {2012},
    author = {Eve Marder},
}


@article{Franci2,
    author = {Drion, Guillaume and Franci, Alessio and Sepulchre, Rodolphe},
    year = {2019},
    month = {04},
    pages = {},
    title = {Cellular switches orchestrate rhythmic circuits},
    volume = {113},
    journal = {Biological Cybernetics},
}
